<?xml version="1.0" encoding="UTF-8"?><collection xmlns="http://www.loc.gov/MARC21/slim"><record><leader>00443nam--2200181-u-4500</leader><controlfield tag="001">000055758</controlfield><controlfield tag="002">20161230</controlfield><controlfield tag="005">20161230201052</controlfield><controlfield tag="008">130411s1000------------r-----000-0-ger-d</controlfield><datafield ind1=" " ind2=" " tag="040"><subfield code="a">IFIN-HH</subfield></datafield><datafield ind1=" " ind2=" " tag="041"><subfield code="a">ger</subfield></datafield><datafield ind1=" " ind2=" " tag="080"><subfield code="a">539.1.01</subfield></datafield><datafield ind1="1" ind2=" " tag="100"><subfield code="a">Haas, Arthur</subfield></datafield><datafield ind1="1" ind2="0" tag="245"><subfield code="a">Atomtheorie</subfield><subfield code="b">Dritte auflage</subfield><subfield code="c">Arthur haas</subfield></datafield><datafield ind1=" " ind2=" " tag="260"><subfield code="a">Berlin</subfield><subfield code="b">Walter De Gruyter &amp; Co</subfield><subfield code="c">1936</subfield></datafield><datafield ind1=" " ind2=" " tag="300"><subfield code="a">292P</subfield></datafield><datafield ind1=" " ind2=" " tag="852"><subfield code="a">44544</subfield><subfield code="c">H.H</subfield></datafield><datafield ind1=" " ind2=" " tag="CAT"><subfield code="a">Sys</subfield><subfield code="c">20130411</subfield><subfield code="h">144724</subfield></datafield></record></collection>